<?xml version="1.0" encoding="UTF-8"?><collection xmlns="http://www.loc.gov/MARC21/slim"><record><leader>00576nam--2200193-u-4500</leader><controlfield tag="001">000051113</controlfield><controlfield tag="002">20161230</controlfield><controlfield tag="005">20161230201049</controlfield><controlfield tag="008">080520s1000------------r-----000-0-eng-d</controlfield><datafield ind1=" " ind2=" " tag="020"><subfield code="a">0-540-57038-1</subfield></datafield><datafield ind1=" " ind2=" " tag="040"><subfield code="a">IFIN-HH</subfield></datafield><datafield ind1=" " ind2=" " tag="080"><subfield code="a">512.542</subfield></datafield><datafield ind1="1" ind2=" " tag="100"><subfield code="a">Kostrikin, A. I. ; Shaafarevich, I. R. (Eds.)</subfield></datafield><datafield ind1="1" ind2=" " tag="245"><subfield code="a">Algebra IX Finite Groups of Lie Type Finite-Dimensional Division Algebras</subfield></datafield><datafield ind1=" " ind2=" " tag="260"><subfield code="a">Berlin</subfield><subfield code="b">Springer - Verlag</subfield><subfield code="c">1996</subfield></datafield><datafield ind1=" " ind2=" " tag="300"><subfield code="a">239 p</subfield></datafield><datafield ind1=" " ind2=" " tag="490"><subfield code="a">Enciclopedia of Mathematical Science</subfield><subfield code="v">vol. 77</subfield></datafield><datafield ind1=" " ind2=" " tag="852"><subfield code="a">81474</subfield><subfield code="c">512</subfield></datafield><datafield ind1=" " ind2=" " tag="CAT"><subfield code="a">Sys</subfield><subfield code="c">20080520</subfield><subfield code="h">125651</subfield></datafield></record></collection>